@article{diffie1976new,
  title={New directions in cryptography},
  author={Diffie, Whitfield and Hellman, Martin},
  journal={IEEE transactions on Information Theory},
  volume={22},
  number={6},
  pages={644--654},
  year={1976},
  publisher={IEEE}
}

@article{diffie1998,
  author={Diffie, Whitfield},
  journal={Proceedings of the IEEE}, 
  title={The first ten years of public-key cryptography}, 
  year={1988},
  volume={76},
  number={5},
  pages={560-577},
  doi={10.1109/5.4442}}

@book{stallings2014,
author = {Stallings, William},
title = {Criptografia e Segurança de redes},
year = {2014},
edition = {6th},
publisher = {Pearson Prentice Hall},
}

@ARTICLE{aki1983,
  author={ {Aki}},
  journal={Computer}, 
  title={Digital signatures: A tutorial survey}, 
  year={1983},
  volume={16},
  number={2},
  pages={15-24},
  doi={10.1109/MC.1983.1654294}
 }

@misc{iti2018, 
    author = {{INSTITUTO NACIONAL DE TECNOLOGIA DA INFORMAÇÃO}},
    title={Novo marco da ICP-Brasil: emitidas Cadeias V6 e V7 em curvas elípticas}, 
    url={https://www.gov.br/iti/pt-br/assuntos/noticias/indice-de-noticias/novo-marco-da-icp-brasil-emitidas-cadeias-v6-e-v7-em-curvas-elipticas}, 
    year={2018}, 
    month={Dec},
    urlaccessdate ={22/03/2021}
}

% Verificar
@misc{nakov2018, 
    title={Practical Cryptography for Developers}, url={https://cryptobook.nakov.com/}, journal={Practical Cryptography for Developers}, publisher={Svetlin Nakov}, author={Nakov, Svetlin}, year={2018}, month={Nov},
    note={E-Book}
} 

@article{johnson2001elliptic,
  title={The elliptic curve digital signature algorithm (ECDSA)},
  author={Johnson, Don and Menezes, Alfred and Vanstone, Scott},
  journal={International journal of information security},
  volume={1},
  number={1},
  pages={36--63},
  year={2001},
  publisher={Springer}
}

@article{bernstein2012high,
  title={High-speed high-security signatures},
  author={Bernstein, Daniel J and Duif, Niels and Lange, Tanja and Schwabe, Peter and Yang, Bo-Yin},
  journal={Journal of cryptographic engineering},
  volume={2},
  number={2},
  pages={77--89},
  year={2012},
  publisher={Springer}
}

@article{bernstein2015eddsa,
  title={EdDSA for more curves},
  author={Bernstein, Daniel J and Josefsson, Simon and Lange, Tanja and Schwabe, Peter and Yang, Bo-Yin},
  journal={Cryptology ePrint Archive},
  volume={2015},
  year={2015},
  publisher={IACR}
}

 @misc{ps32010, 
  title={PS3 epic fail}, 
  publisher={failoverflow}, 
  author={``Bushing'' and Cantero, Hector and Boessenkool, Segher and Peter, Sven}, 
  url={https://fahrplan.events.ccc.de/congress/2010/Fahrplan/attachments/1780_27c3_console_hacking_2010.pdf},
  year={2010}
} 

@ARTICLE{ElGamalCrypto,
  author={ElGamal, Taher},
  journal={IEEE Transactions on Information Theory}, 
  title={A public key cryptosystem and a signature scheme based on discrete logarithms}, 
  year={1985},
  volume={31},
  number={4},
  pages={469-472},
  doi={10.1109/TIT.1985.1057074}}
  
@misc{ICPBrasi30,
author = {{INSTITUTO NACIONAL DE TECNOLOGIA DA INFORMAÇÃO}},
title = {ICP-Brasil},
url = {https://www.gov.br/iti/pt-br/acesso-a-informacao/perguntas-frequentes/icp-brasil},
month = {7},
year = {2020},
urlaccessdate = {21/04/2021}
}

@inproceedings{cryptRivest,
author = {Rivest, Ronald L.},
title = {Cryptography},
year = {1991},
publisher = {MIT Press},
address = {Cambridge, MA, USA},
booktitle = {Handbook of Theoretical Computer Science (Vol. A): Algorithms and Complexity},
pages = {617–755},
numpages = {139}
}

@misc{hierarquiaICP,
author = {{BENEFÍCIOS E APLICAÇÕES DA CERTIFICAÇÃO DIGITAL}},
title = {Hierarquia da ICP-Brasil},
howpublished = {\url{http://www.beneficioscd.com.br/cartilha_online/?pagina=oq06}},
month = {},
year = {c2013},
urlaccessdate = {21/04/2021}
}

%---------------------------------------------
%---------------------------------------------

@manual{inmetro2003,
	Author = {INMETRO},
	Title = {Vocabulário internacional de termos fundamentais e gerais de
	metrologia},
	Year = {2013},
	Address = {Rio de Janeiro, Brasil},
	Pages = {75},
	isbn = {85-87090-90-9},
}

@inproceedings{soviero1997,
	Author = {P. A. O. Soviero and L. G. M. Lavagna},
	Title = {A Numerical Model for Thin Airfoils in Unsteady Motion},
	Year = {1997},
	Pages = {332-340},
	Volume = {19},
	Number = {3},
	Booktitle = {Journal of the Brazilian Societyt Mechanical Sciences},	
}

@inproceedings{sparrow1980,
	Author = {E. M. Sparrow},
	Title = {Forced Convection Heat Transfer in a Duct Having Spanwise-Periodic
	Rectangular Protuberances},
	Year = {1980},
	Pages = {149-167},
	Volume = {3},
	Booktitle = {Numerical Heat Transfer},
}

@article{clark1986,
	Author = {J. A. Clark},
	Title = {Private Communication},
	Year = {1986},
	Address = {University of Michigan},
}

@article{arruda2007,
	Author = {M. B. B. Arruda},
	Title = {Como fazer referências: bibliográficas, eletrônicas e demais
	formas de documentos},
	Year = {2007},
	Url = {http://bu.ufsc.br/framerefer.html}
}

@article{coimbra1978,
	Author = {A. L. Coimbra},
	Title = {Lessons of Continuum Mechanics},
	Year = {1978},
	Address = {São Paulo, Brazil},
	Pages = {428},
	Editor = {Edgard Blücher},
}

@inproceedings{bordalo1989,
	Author = {S. N. Bordalo and J. H. Ferziger and S. J. Kline},
	Title = {The Development of Zonal Models for Turbulence},
	Year = {1989},
	Pages = {41-44},
	Booktitle = {Proceedings of the 10th Brazilian Congress of Mechanical
	Engineering}, 
	Volume = {1},	
}

@manual{NBR14724:2011,
	Address = {Rio de Janeiro},
	Date-Added = {2012-12-15 20:34:08 +0000},
	Date-Modified = {2012-12-15 20:35:25 +0000},
	Month = mar,
	Org-Short = {ABNT},
	Organization = {Associa{\c c}\~ao Brasileira de Normas T\'ecnicas},
	Pages = 15,
	Subtitle = {Informa{\c c}\~ao e documenta{\c c}\~ao --- trabalhos acad\^emicos --- apresenta{\c c}\~ao},
	Title = {{NBR} 14724},
	Year = 2011
}

@manual{NBR6034:2000,
	Address = {Rio de Janeiro},
	Org-Short = {ABNT},
	Organization = {Associa{\c c}\~ao Brasileira de Normas T\'ecnicas},
	Subtitle = {Informa{\c c}\~ao e documenta{\c c}\~ao --- Referências},
	Title = {{NBR} 14724},
	Year = 2000
}

@book{Sommerville2007,
author = {Sommerville, Ian},
title = {Software Engineering},
year = {2007},
isbn = {978-0-321-31379-9, 0-321-31379-8},
edition = {9th},
publisher = {Addison-Wesley Publishing Company},
address = {USA},
}


